% Encoding: UTF-8

@inproceedings{tambunan2012peluang,
  title={Peluang, Tantangan dan Ancaman bagi UMKM Indonesia dalam Era CAFTA dan ME-ASEAN 015},
  author={Tambunan, Tulus TH},
  booktitle={Prosiding Seminar \& Konferensi Nasional Manajemen Bisnis: memberdayakan UMKM dalam meninkatkan kesejahteraan masyarakat menghadapi persaingan global},
  pages={1--14},
  year={2012},
  organization={Badan Penerbit Universitas Muria Kudus}
}

@book{sartika2002ekonomi,
  title={Ekonomi Skala Kecil/Menengah \& Koperasi},
  author={Sartika, Dr Pratomo Titik and Soejoedono, Rachman},
  year={2002},
  publisher={Jakarta: PT. Ghalia Indonesia}
}

@article{hardilawati2020strategi,
  title={Strategi Bertahan UMKM di Tengah Pandemi Covid-19},
  author={Hardilawati, Wan, laura},
  journal={Jurnal Akuntansi dan Ekonomika},
  volume={10},
  number={1},
  pages={89--98},
  year={2020}
}

@book{rosliani2005budidaya,
  title={Budidaya Tanaman Sayuran dengan sistem hidroponik},
  author={Rosliani, Rini and Sumarni, Nani},
  year={2005},
  publisher={Balai Penelitian Tanaman Sayuran}
}

@book{lingga1992,
  title={Bertanam Umbi-Umbian},
  author={Lingga, Pinus},
  year={1992},
  publisher={Jakarta: Penerbit Swadaya}
}

@book{soeseno1991,
  title={Bertanam Aren},
  author={Soeseno, Slamet},
  year={1991},
  publisher={Penebar Swadaya. Jakarta}
}

@inproceedings{anonim1992,
  title={Media Tumbuh Kultur Hidroponik Untuk Tomat},
  author={Anonim},
  year={1992},
  organization={Universitas Brawijaya Malang}
}

@book{resh1995hydroponic,
  title={Hydroponic food production. A definitive guidebook of soilless food-growing methods.},
  author={Resh, Howard M and others},
  series={Ed. 5},
  year={1995},
  publisher={Woodbridge press publishing company}
}

@book{yuhefizar2013,
  title={Cara Mudah \& Murah Membangun \& Mengelola Website},
  author={Yuhefizar},
  year={2013},
  publisher={Yogyakarta: Graha Ilmu}
}

@book{saputra2013,
  title={Pengantar Kebutuhan Dasar Manusia},
  author={Saputra, Lyndon},
  year={2013},
  publisher={Jakarta: Binarupa Aksara}
}

\@book{priyadi2014,
  title={Kolaborasi SQL dan ERD Dalam Implementasi Database},
  author={Priyadi, Yudi},
  year={2014},
  publisher={Yogyakarta : C.V Andi Offset}
}

@book{hakim2004,
  title={Cara Cerdas Menguasai Layout, Desain dan Aplikasi Web},
  author={Hakim, Lukmanul and Uus, Musalini},
  year={2004},
  publisher={Jakarta: PT Elex Media Komputindo}
}

@book{aminudin2015,
  title={Cara Efektif Belajar Framework Laravel},
  author={Aminudin},
  year={2015},
  publisher={Lokomedia, Yogyakarta}
}

@book{fathansyah2012,
  title={Basis Data},
  author={Fathansyah},
  year={2012},
  publisher={Bandung: Informatika Bandung}
}

@book{kasman2015,
  title={Trik Kolaborasi Android dengan PHP \& MySQL},
  author={Kasman, Akhmad Dharma},
  year={2015},
  publisher={Yogyakarta: Lokomedia}
}

@article{hartono2012pengaruh,
  title={Pengaruh Strategi Pemasaran Terhadap Peningkatan Penjualan Pada Perusahaan” Dengan Menetapkan Alumni Dan Mahasiswa Universitas Bina Nusantara Sebagai Objek Penelitian},
  author={Hartono, Hendry and Hutomo, Karyana and Mayangsari, Marshelia},
  journal={Binus Business Review},
  volume={3},
  number={2},
  pages={882--897},
  year={2012}
}

@phdthesis{hamida2017analisis,
  title={Analisis VPS Cloud Pada Database Server},
  author={Hamida, Iqra},
  year={2017},
  school={Universitas Komputer Indonesia}
}

@article{permana2015scrum,
  title={Scrum method implementation in a software development project management},
  author={Permana, Putu Adi Guna},
  journal={International Journal of Advanced Computer Science and Applications},
  volume={6},
  number={9},
  pages={198--204},
  year={2015},
  publisher={Citeseer}
}

@book{pressman2010,
  title={Software Engineering : a practitioner’s approach},
  author={Pressman, Roger S},
  year={2010},
  publisher={New York: McGraw-Hill},
  pages={82--83},
}

@misc{iskandaria2012,
	title = {Contoh Pengujian Black Box},
	author = {Iskandaria},
	year = {2012}
}

@misc{shihab2011,
	title = {Metode White Box dan Black Box Testing},
	author = {Shihab},
	year = {2011}
}

@book{brooke2007,
  title = {SUS - A quick and dirty usability scale},
	author = {Brooke, John},
	year = {2007},
  publisher={Redhatch Consulting Ltd, United Kingdom}
}

@misc{wikipedia2021,
	title = {Pemasaran digital},
	author = {Wikipedia},
	year = {2021},
  note = "{\url{https://id.wikipedia.org/wiki/Pemasaran_digital}, Diakses pada tanggal 18 September 2021}"
}

@book{tarigan2013creative,
  title={Creative digital marketing},
  author={Tarigan, Josua and Sanjaya, Ridwan},
  year={2013},
  publisher={Elex Media Komputindo}
}

@misc{dumetschool2021,
	title = {Mengenal Apa Itu Laravel Livewire},
	author = {Dumetschool},
	year = {2021},
  note = "{\url{https://kursuswebprogramming.com/kursus-web-programming-jakarta-mengenal-laravel-livewire/}, Diakses pada tanggal 19 September 2021}"
}

@book{fielding2000architectural,
  title={Architectural styles and the design of network-based software architectures},
  author={Fielding, Roy Thomas},
  year={2000},
  publisher={University of California, Irvine}
}

@Comment{jabref-meta: databaseType:bibtex;}
